\usepackage{url}
@online{dockerswarm,
  author="Docker Documentation",
  title={Swarm mode key concepts},
  note={\url{https://docs.docker.com/engine/swarm/key-concepts/}},
}